<record><leader>00000cas a22000007a 4500</leader><controlfield tag="001">11985609</controlfield><controlfield tag="008">850501d18911916wiuwr ne      0    0eng d</controlfield><datafield ind1=" " ind2=" " tag="010"><subfield code="a">sn 85040447 </subfield></datafield><datafield ind1=" " ind2=" " tag="040"><subfield code="a">NPV</subfield><subfield code="b">eng</subfield><subfield code="c">NPV</subfield><subfield code="d">OCLCQ</subfield></datafield><datafield ind1=" " ind2=" " tag="042"><subfield code="a">msc</subfield></datafield><datafield ind1="0" ind2="0" tag="245"><subfield code="a">Whitehall times and Blair banner.</subfield></datafield><datafield ind1="1" ind2="3" tag="246"><subfield code="a">Whitehall times &amp; Blair banner</subfield></datafield><datafield ind1="1" ind2="7" tag="246"><subfield code="a">Times-banner</subfield></datafield><datafield ind1=" " ind2=" " tag="260"><subfield code="a">Whitehall ;</subfield><subfield code="a">Blair, Trempealeau Co., Wis. :</subfield><subfield code="b">J.B. Beach,</subfield><subfield code="c">1891-1916.</subfield></datafield><datafield ind1=" " ind2=" " tag="300"><subfield code="a">v.</subfield></datafield><datafield ind1=" " ind2=" " tag="310"><subfield code="a">Weekly</subfield></datafield><datafield ind1="0" ind2=" " tag="362"><subfield code="a">Vol. 33, no. 26 (Oct. 29, 1891)-v. 54, no. 43 (Jan. 20, 1916).</subfield></datafield><datafield ind1=" " ind2=" " tag="500"><subfield code="a">Publisher varies.</subfield></datafield><datafield ind1=" " ind2=" " tag="752"><subfield code="a">United States</subfield><subfield code="b">Wisconsin</subfield><subfield code="c">Trempealeau</subfield><subfield code="d">Whitehall.</subfield></datafield><datafield ind1=" " ind2=" " tag="752"><subfield code="a">United States</subfield><subfield code="b">Wisconsin</subfield><subfield code="c">Trempealeau</subfield><subfield code="d">Blair.</subfield></datafield><datafield ind1="0" ind2="0" tag="780"><subfield code="t">Whitehall times (Whitehall, Wis. : 1883)</subfield><subfield code="w">(DLC)sn 85040448</subfield></datafield><datafield ind1="0" ind2="0" tag="785"><subfield code="t">Whitehall times-banner</subfield><subfield code="w">(DLC)sn 85040446</subfield></datafield></record>